<?xml version="1.0" encoding="utf-8"?>
<record xmlns="http://www.loc.gov/MARC21/slim" xmlns:xsi="http://www.w3.org/2001/XMLSchema-instance" xsi:schemaLocation="http://www.loc.gov/MARC21/slim http://www.loc.gov/standards/marcxml/schema/MARC21slim.xsd">
	<leader>     nam a22     Mi 4500</leader>
	<controlfield tag="001">b12428814</controlfield>
	<controlfield tag="003">LeBAU</controlfield>
	<controlfield tag="006">m        d        </controlfield>
	<controlfield tag="007">cr cn |||m|||a</controlfield>
	<controlfield tag="008">200121m19281933ua      ob    ||0 0 ara d</controlfield>
	<datafield ind1=" " ind2=" " tag="040">
		<subfield code="a">ZYU</subfield>
		<subfield code="b">ara</subfield>
		<subfield code="e">rda</subfield>
		<subfield code="c">ZYU</subfield>
	</datafield>
	<datafield ind1="0" ind2="4" tag="082">
		<subfield code="a">340.59</subfield>
		<subfield code="2">23</subfield>
	</datafield>
	<datafield ind1="1" ind2=" " tag="100">
		<subfield code="6">880-01</subfield>
		<subfield code="a">Ibn Ḥazm, ʻAlī ibn Aḥmad,</subfield>
		<subfield code="d">994-1064,</subfield>
		<subfield code="e">author.</subfield>
	</datafield>
	<datafield ind1="1" ind2="3" tag="245">
		<subfield code="6">880-02</subfield>
		<subfield code="a">al-Muḥallá /</subfield>
		<subfield code="c">tasnīf al-imām al-jalīl al-muḥaddith, al-faqīh, al-uṣūlī, qawiy al-ʻāriḍah, shadīd al-muʻāraḍah, balīgh al-ʻibārah, bāligh al-ḥujjah, ṣāḥib al-taṣānīf al-mumtiʻah fī al-maʻqūl wa-al-manqūl, wa-al-sunnah, wa-al-fiqh, wa-al-uṣūl wa-al-khilāf, mujaddid al-qarn al-khāmis, fakhr al-Andalus Abī Muḥammad ʻAlī ibn Aḥmad ibn Saʻīd ibn Ḥazm al-mutawaffá sanat 456 H. ; ʻuniya bi-nashrihi wa-taṣḥiḥihi lil-marrah al-ulá sanat 1347 H. Idarat al-Ṭibāʻah al-Muīrīyah, li-ṣāḥibihā wa-mudīrihā Muḥammad Munīr ʻAbduh Āghā al-Dimashqī ; bi-taḥqīq al-ustādh al-Shaykh Aḥmad Muḥammad Shākir, al-qāḍī al-sharʻī.</subfield>
	</datafield>
	<datafield ind1=" " ind2="1" tag="264">
		<subfield code="6">880-03</subfield>
		<subfield code="a">Miṣr :</subfield>
		<subfield code="b">Idarat al-Ṭibāʻah al-Munīrīyah,</subfield>
		<subfield code="c">1347-1352 H., [1928-1933? M.]</subfield>
	</datafield>
	<datafield ind1=" " ind2=" " tag="300">
		<subfield code="6">880-04</subfield>
		<subfield code="a">online resource (11 volumes)</subfield>
	</datafield>
	<datafield ind1=" " ind2=" " tag="336">
		<subfield code="a">text</subfield>
		<subfield code="2">rdacontent</subfield>
	</datafield>
	<datafield ind1=" " ind2=" " tag="337">
		<subfield code="a">computer</subfield>
		<subfield code="2">rdamedia</subfield>
	</datafield>
	<datafield ind1=" " ind2=" " tag="338">
		<subfield code="a">online resource</subfield>
		<subfield code="2">rdacarrier</subfield>
	</datafield>
	<datafield ind1=" " ind2=" " tag="500">
		<subfield code="a">Part of the Arabic Collections Online (ACO) project, contributed by American University of Beirut's Jafet Memorial Library.</subfield>
	</datafield>
	<datafield ind1=" " ind2=" " tag="533">
		<subfield code="a">Electronic reproduction.</subfield>
		<subfield code="b">New York, N.Y. :</subfield>
		<subfield code="c">New York University,</subfield>
		<subfield code="d">2020.</subfield>
		<subfield code="5">NNU</subfield>
	</datafield>
	<datafield ind1=" " ind2="0" tag="650">
		<subfield code="6">880-05</subfield>
		<subfield code="a">Islamic law</subfield>
		<subfield code="v">Early works to 1800.</subfield>
	</datafield>
	<datafield ind1=" " ind2="0" tag="650">
		<subfield code="6">880-06</subfield>
		<subfield code="a">Islam</subfield>
		<subfield code="x">Rituals</subfield>
		<subfield code="x">Early works to 1800.</subfield>
	</datafield>
	<datafield ind1=" " ind2="0" tag="650">
		<subfield code="6">880-07</subfield>
		<subfield code="a">Zahirites.</subfield>
	</datafield>
	<datafield ind1="1" ind2=" " tag="700">
		<subfield code="6">880-08</subfield>
		<subfield code="a">Shākir, Aḥmad Muḥammad,</subfield>
		<subfield code="e">annotator.</subfield>
	</datafield>
	<datafield ind1="1" ind2=" " tag="700">
		<subfield code="6">880-09</subfield>
		<subfield code="a">Dimashqī, Muḥammad Munīr,</subfield>
		<subfield code="e">annotator.</subfield>
	</datafield>
	<datafield ind1="1" ind2=" " tag="700">
		<subfield code="6">880-10</subfield>
		<subfield code="a">Jazīrī, ʻAbd al-Raḥmān,</subfield>
		<subfield code="e">annotator.</subfield>
	</datafield>
	<datafield ind1="2" ind2=" " tag="710">
		<subfield code="6">880-11</subfield>
		<subfield code="a">Idārat al-Ṭibāʻah al-Munīrīyah (Egypt),</subfield>
		<subfield code="e">corrector.</subfield>
	</datafield>
	<datafield ind1="2" ind2=" " tag="710">
		<subfield code="a">Jafet Memorial Library.</subfield>
	</datafield>
	<datafield ind1="0" ind2=" " tag="730">
		<subfield code="a">Arabic Collections Online.</subfield>
	</datafield>
	<datafield ind1="0" ind2="8" tag="776">
		<subfield code="i">Print version:</subfield>
		<subfield code="a">Ibn Ḥazm, ʻAlī ibn Aḥmad, 994-1064, author.</subfield>
		<subfield code="t">al-Muḥallá</subfield>
		<subfield code="w">(LeBAU)b12428814</subfield>
	</datafield>
	<datafield ind1="4" ind2="0" tag="856">
		<subfield code="u">http://hdl.handle.net/2333.1/qfttf7cr</subfield>
	</datafield>
	<datafield ind1="1" ind2=" " tag="880">
		<subfield code="6">100-01</subfield>
		<subfield code="a">ابن حزم، علي بن احمد،</subfield>
		<subfield code="d">944-1064،</subfield>
		<subfield code="e">مؤلف.</subfield>
		<subfield code="4">aut.</subfield>
	</datafield>
	<datafield ind1="1" ind2="2" tag="880">
		<subfield code="6">245-02</subfield>
		<subfield code="a">المحلى /</subfield>
		<subfield code="c">تصنيف الإمام الجليل، المحدث، الفقيه، الأصولي، قوي العارضة، شديد المعارضة، بليغ العبارة، بالغ الحجة، صاحب التصانيف الممتعة في المعقول والمنقول، والسنة، والفقه، والأصول والخلاف، مجدد القرن الخامس، فخر الأندلس، أبي محمد بن سعيد بن حزم المتوفى سنة 456 هـ. ؛ عني بنشره وتصحيحه للمرة الأولى سنة 1347 هـ. إدارة الطباعة المنيرية، لصاحبها ومديرها محمد منير عبده آغا الدمشقي ؛ بتحقيق الأستاذ الشيخ أحمد محمد شاكر، القاضي الشرعي.</subfield>
	</datafield>
	<datafield ind1=" " ind2="1" tag="880">
		<subfield code="6">264-03</subfield>
		<subfield code="a">مصر :</subfield>
		<subfield code="b">إدارة الطباعة المنيرية،</subfield>
		<subfield code="c">1347-1352 هـ.، [1928-1933؟ م.]</subfield>
	</datafield>
	<datafield ind1=" " ind2=" " tag="880">
		<subfield code="6">300-04</subfield>
		<subfield code="a">11 جزء ؛</subfield>
		<subfield code="c">25 سم</subfield>
	</datafield>
	<datafield ind1=" " ind2=" " tag="880">
		<subfield code="6">500-00</subfield>
		<subfield code="a">الجزء السابع: بتحقيق صاحب الفضيلة الشيخ عبد الرحمن الجزيري، مفتش أول وزارة الأوقاف.</subfield>
	</datafield>
	<datafield ind1=" " ind2=" " tag="880">
		<subfield code="6">500-00</subfield>
		<subfield code="a">الأجزاء 8-11: بتحقيق محمد منير الدمشقي صاحب ومدير إدارة الطباعة المنيرية.</subfield>
	</datafield>
	<datafield ind1=" " ind2=" " tag="880">
		<subfield code="6">501-00</subfield>
		<subfield code="a">تم تجليد الأجزاء الحادية عشر من النسخة الأولى في 8 مجلدات في المكتبة.</subfield>
	</datafield>
	<datafield ind1=" " ind2=" " tag="880">
		<subfield code="6">504-00</subfield>
		<subfield code="a">يتضمن مراجع ببليوغرافية.</subfield>
	</datafield>
	<datafield ind1=" " ind2=" " tag="880">
		<subfield code="6">541-00</subfield>
		<subfield code="c">هبة؛</subfield>
		<subfield code="a">مكتبة المفتي الشيخ حسن خالد؛</subfield>
		<subfield code="d">2017؛</subfield>
		<subfield code="3">مكتبة يافث النسخة 2.</subfield>
	</datafield>
	<datafield ind1=" " ind2=" " tag="880">
		<subfield code="6">590-00</subfield>
		<subfield code="a">الجزء 6 من النسخة 2: الصفحات من صفحة العنوان الى 16 ممزقة الآخر.</subfield>
	</datafield>
	<datafield ind1=" " ind2="4" tag="880">
		<subfield code="6">650-05</subfield>
		<subfield code="a">الفقه الاسلامي</subfield>
		<subfield code="v">اعمال قديمة حتى 1800.</subfield>
	</datafield>
	<datafield ind1=" " ind2="4" tag="880">
		<subfield code="6">650-06</subfield>
		<subfield code="a">الاسلام</subfield>
		<subfield code="x">شعائر</subfield>
		<subfield code="v">أعمال قديمة حتى 1800.</subfield>
	</datafield>
	<datafield ind1=" " ind2="4" tag="880">
		<subfield code="6">650-07</subfield>
		<subfield code="a">الظاهرية.</subfield>
	</datafield>
	<datafield ind1="1" ind2=" " tag="880">
		<subfield code="6">700-08</subfield>
		<subfield code="a">شاكر، احمد محمد،</subfield>
		<subfield code="e">محقق.</subfield>
		<subfield code="4">ann.</subfield>
	</datafield>
	<datafield ind1="1" ind2=" " tag="880">
		<subfield code="6">700-09</subfield>
		<subfield code="a">الدمشقي، محمد منير،</subfield>
		<subfield code="e">محقق.</subfield>
		<subfield code="4">ann.</subfield>
	</datafield>
	<datafield ind1="1" ind2=" " tag="880">
		<subfield code="6">700-10</subfield>
		<subfield code="a">الجزيري، عبد الرحمن،</subfield>
		<subfield code="e">محقق.</subfield>
		<subfield code="4">ann.</subfield>
	</datafield>
	<datafield ind1="2" ind2=" " tag="880">
		<subfield code="6">710-11</subfield>
		<subfield code="a">إدارة الطباعة المنيرية (مصر)،</subfield>
		<subfield code="e">مصحح.</subfield>
		<subfield code="4">crr.</subfield>
	</datafield>
	<datafield ind1=" " ind2=" " tag="959">
		<subfield code="a">NNU</subfield>
		<subfield code="b">WEB</subfield>
		<subfield code="c">GENI</subfield>
		<subfield code="t">0</subfield>
		<subfield code="m">Electronic access</subfield>
		<subfield code="s">01</subfield>
	</datafield>
	<datafield ind1=" " ind2=" " tag="999">
		<subfield code="i">LeBAU_b12428814</subfield>
		<subfield code="s">aub_aco003488:v.1-2</subfield>
		<subfield code="s">aub_aco003489:v.3</subfield>
		<subfield code="s">aub_aco003490:v.4</subfield>
		<subfield code="s">aub_aco003491:v.5</subfield>
		<subfield code="s">aub_aco003492:v.6</subfield>
		<subfield code="s">aub_aco003493:v.7</subfield>
		<subfield code="s">aub_aco003494:v.8</subfield>
		<subfield code="s">aub_aco003495:v.9</subfield>
		<subfield code="s">aub_aco003496:v.10</subfield>
		<subfield code="s">aub_aco003497:v.11</subfield>
		<subfield code="e">(ERROR-MISC)</subfield>
		<subfield code="s">aub_aco003488:v.1-2</subfield>
		<subfield code="s">aub_aco003489:v.3</subfield>
		<subfield code="s">aub_aco003490:v.4</subfield>
		<subfield code="s">aub_aco003491:v.5</subfield>
		<subfield code="s">aub_aco003492:v.6</subfield>
		<subfield code="s">aub_aco003493:v.7</subfield>
		<subfield code="s">aub_aco003494:v.8</subfield>
		<subfield code="s">aub_aco003495:v.9</subfield>
		<subfield code="s">aub_aco003496:v.10</subfield>
		<subfield code="s">aub_aco003497:v.11</subfield>
	</datafield>
</record>
